<?xml version="1.0" encoding="UTF-8" ?>
<collection xmlns:xsi="http://www.w3.org/2001/XMLSchema-instance"
    xsi:schemaLocation="http://www.loc.gov/MARC21/slim
        http://www.loc.gov/standards/marcxml/schema/MARC21slim.xsd"
    xmlns="http://www.loc.gov/MARC21/slim">
<record>
  <leader>00224nam a2200433 ia4500</leader>
  <controlfield tag="001">b23641460</controlfield>
  <controlfield tag="003">LeBAU</controlfield>
  <controlfield tag="008">190730m19361937              000 0 ara d</controlfield>
  <datafield tag="040" ind1=" " ind2=" ">
    <subfield code="a">LEAUB</subfield>
    <subfield code="b">ara</subfield>
    <subfield code="e">rda</subfield>
    <subfield code="c">LEAUB</subfield>
  </datafield>
  <datafield tag="082" ind1="0" ind2="4">
    <subfield code="a">349.56</subfield>
    <subfield code="2">20</subfield>
  </datafield>
  <datafield tag="100" ind1="1" ind2=" ">
    <subfield code="6">880-01</subfield>
    <subfield code="a">Atāsī, Muḥammad Khālid.</subfield>
    <subfield code="e">author.</subfield>
    <subfield code="0">https://lccn.loc.gov/n85038128 ,</subfield>
  </datafield>
  <datafield tag="245" ind1="1" ind2="0">
    <subfield code="6">880-02</subfield>
    <subfield code="a">Sharḥ al-Majallah /</subfield>
    <subfield code="c">taʼlīf al-ʻallāmah al-kabīr wa-al-faqīh al-muḥaqqiq al-shahīr al-marḥūm Muftī Ḥimṣ al-asbaq Muḥammad Khālid al-Atāsī ; wa-qad ʻuniya bi-ibrāzihi baʻda tadqīqih ilá ʻālam al-ṭibāʻah min ibtidāʼ Kitāb al-Buyūʻ al-mādah 1729 wa-qad taṭaffala hādhā al-ʻājiz bi-ikmāl al-kitāb ilá al-māddah 1950 wa-anā al-faqīr ilayhi Taʻālá Muftī Ḥimṣ al-ḥālī Muḥammad Ṭāhir al-Atāsī.</subfield>
  </datafield>
  <datafield tag="264" ind1=" " ind2="1">
    <subfield code="6">880-03</subfield>
    <subfield code="a">Ḥimṣ :</subfield>
    <subfield code="b">Maṭbaʻat al-Salāmah,</subfield>
    <subfield code="c">1355-1356 H. = 1936-1937 M.</subfield>
  </datafield>
  <datafield tag="300" ind1=" " ind2=" ">
    <subfield code="6">880-04</subfield>
    <subfield code="a">6 volumes ;</subfield>
    <subfield code="c">25 cm</subfield>
  </datafield>
  <datafield tag="336" ind1=" " ind2=" ">
    <subfield code="a">text</subfield>
    <subfield code="b">txt</subfield>
    <subfield code="2">rdacontent</subfield>
  </datafield>
  <datafield tag="337" ind1=" " ind2=" ">
    <subfield code="a">unmediated</subfield>
    <subfield code="b">n</subfield>
    <subfield code="2">rdamedia</subfield>
  </datafield>
  <datafield tag="338" ind1=" " ind2=" ">
    <subfield code="a">volume</subfield>
    <subfield code="b">nc</subfield>
    <subfield code="2">rdacarrier</subfield>
  </datafield>
  <datafield tag="541" ind1=" " ind2=" ">
    <subfield code="c">هبة؛</subfield>
    <subfield code="a">مكتبة المفتي الشيخ حسن خالد؛</subfield>
    <subfield code="d">2017؛</subfield>
    <subfield code="3">مكتبة يافث النسخة 2 الجزء 6 .</subfield>
  </datafield>
  <datafield tag="590" ind1=" " ind2=" ">
    <subfield code="a">في المكتبة: الاجزاء 1-4 (مطبعة حمص)، الاجزاء 5-6 (مطبعة السلامة)</subfield>
  </datafield>
  <datafield tag="590" ind1=" " ind2=" ">
    <subfield code="a">في المكتبة، نسخة مكتبة يافث: الاجزاء 5-6 في مجلد واحد.</subfield>
  </datafield>
  <datafield tag="610" ind1="1" ind2="4">
    <subfield code="a">تركيا.</subfield>
    <subfield code="t">المجلة.</subfield>
  </datafield>
  <datafield tag="610" ind1="1" ind2="0">
    <subfield code="a">Turkey.</subfield>
    <subfield code="t">Mecelle.</subfield>
  </datafield>
  <datafield tag="650" ind1=" " ind2="4">
    <subfield code="a">القانون المدني</subfield>
    <subfield code="z">تركيا.</subfield>
  </datafield>
  <datafield tag="650" ind1=" " ind2="4">
    <subfield code="a">الفقه الإسلامي</subfield>
    <subfield code="x">تفسير وبنية.</subfield>
  </datafield>
  <datafield tag="650" ind1=" " ind2="0">
    <subfield code="a">Civil law</subfield>
    <subfield code="z">Turkey.</subfield>
  </datafield>
  <datafield tag="650" ind1=" " ind2="0">
    <subfield code="a">Islamic law</subfield>
    <subfield code="x">Interpretation and construction.</subfield>
  </datafield>
  <datafield tag="700" ind1="1" ind2=" ">
    <subfield code="6">880-05</subfield>
    <subfield code="a">Atāsī, Muḥammad Ṭāhir.</subfield>
    <subfield code="e">compiler.</subfield>
    <subfield code="0">https://lccn.loc.gov/nr96003372 ,</subfield>
  </datafield>
  <datafield tag="775" ind1="0" ind2="8">
    <subfield code="6">880-06</subfield>
    <subfield code="i">has designation of edition</subfield>
    <subfield code="4">http://rdaregistry.info/Elements/m/P30133 :</subfield>
    <subfield code="a">Atāsī, Muḥammad Khālid.</subfield>
    <subfield code="t">Sharḥ al-Majallah.</subfield>
    <subfield code="d">Ḥimṣ : Maṭbaʻat Ḥimṣ, 1349-1356 H. = 1930-1937 M.</subfield>
    <subfield code="w">(OCoLC)784323540</subfield>
    <subfield code="w">(OCoLC)784323540</subfield>
  </datafield>
  <datafield tag="852" ind1=" " ind2=" ">
    <subfield code="a">Jafet Library</subfield>
    <subfield code="e">American University of Beirut, Bliss Street, Beirut, Lebanon.‎</subfield>
  </datafield>
  <datafield tag="880" ind1="1" ind2=" ">
    <subfield code="6">100-01/(3/r</subfield>
    <subfield code="a">الاتاسي، محمد خالد،</subfield>
    <subfield code="0">https://lccn.loc.gov/n85038128 ,</subfield>
    <subfield code="e">مؤلف. </subfield>
    <subfield code="4">aut.</subfield>
  </datafield>
  <datafield tag="880" ind1="1" ind2="0">
    <subfield code="6">245-02/(3/r</subfield>
    <subfield code="a">شرح المجلة /</subfield>
    <subfield code="c">تأليف العلامة الكبير والفقيه المحقق الشهير المرحوم مفتي حمص الأسبق محمد خالد الأتاسي ؛ وقد عني بإبرازه بعد تدقيقه إلى عالم الطباعة من ابتداء كتاب البيوع المادة 1729 وقد تطفل هذا العاجز بإكمال الكتاب الى المادة 1950 وانا الفقير اليه تعالى مفتي حمص الحالي محمد طاهر الأتاسي.</subfield>
  </datafield>
  <datafield tag="880" ind1=" " ind2="1">
    <subfield code="6">264-03/(3/r</subfield>
    <subfield code="a">حمص :</subfield>
    <subfield code="b">مطبعة السلامة،</subfield>
    <subfield code="c">1355-1356 هـ. = 1936-1937 م.</subfield>
  </datafield>
  <datafield tag="880" ind1=" " ind2=" ">
    <subfield code="6">300-04/(3/r</subfield>
    <subfield code="a">6 اجزاء ؛</subfield>
    <subfield code="c">25 سم</subfield>
  </datafield>
  <datafield tag="880" ind1="1" ind2=" ">
    <subfield code="6">700-05/(3/r</subfield>
    <subfield code="a">الأتاسي، محمد طاهر،</subfield>
    <subfield code="0">https://lccn.loc.gov/nr96003372 ,</subfield>
    <subfield code="e">معد. </subfield>
    <subfield code="4">com.</subfield>
  </datafield>
  <datafield tag="880" ind1="0" ind2="8">
    <subfield code="6">775-06/(3/r</subfield>
    <subfield code="i">دلالة على الطبعة</subfield>
    <subfield code="4">http://rdaregistry.info/Elements/m/P30133 :</subfield>
    <subfield code="a">الاتاسي، محمد خالد.</subfield>
    <subfield code="t">شرح المجلة.</subfield>
    <subfield code="d">حمص : مطبعة حمص، 1349-1356 هـ. = 1930-1937 م.</subfield>
    <subfield code="w">(LEAUB)b12453511</subfield>
    <subfield code="w">(OCoLC)784323540</subfield>
  </datafield>
  <datafield tag="907" ind1=" " ind2=" ">
    <subfield code="a">.b23641460</subfield>
    <subfield code="b">19-08-20</subfield>
    <subfield code="c">19-07-30</subfield>
  </datafield>
  <datafield tag="945" ind1=" " ind2=" ">
    <subfield code="f">J</subfield>
    <subfield code="a">349.56:A86shA:v.5-6:c.1</subfield>
    <subfield code="i">01021480</subfield>
    <subfield code="j">.i12931767</subfield>
    <subfield code="l">u0503</subfield>
  </datafield>
  <datafield tag="945" ind1=" " ind2=" ">
    <subfield code="f">JK</subfield>
    <subfield code="a">349.56:A86shA:v.6:c.2</subfield>
    <subfield code="i">00538073</subfield>
    <subfield code="j">.i2041500x</subfield>
    <subfield code="l">u0527</subfield>
  </datafield>
  <datafield tag="998" ind1=" " ind2=" ">
    <subfield code="a">u05</subfield>
    <subfield code="b">19-07-30</subfield>
    <subfield code="c">m</subfield>
    <subfield code="d">a  </subfield>
    <subfield code="e">-</subfield>
    <subfield code="f">ara</subfield>
    <subfield code="g">sy </subfield>
    <subfield code="h">0</subfield>
    <subfield code="i">0</subfield>
  </datafield>
</record>
</collection>
